@online{userstories,
	author={Max Rehkopf},
	title={User Stories},
	url={https://www.atlassian.com/agile/project-management/user-stories},
	urldate={2021-05-03}
}

@online{metroretro,
	title={Metroretro},
	url={https://metroretro.io/},
	urldate={2021-05-03}
}

@online{skribbl,
	title={Skribbl.io},
	url={https://skribbl.io/},
	urldate={2021-05-03}
}

@online{moscow,
	title={MoSCoW-metoden},
	url={https://www.wenell.se/blogg/projektledning/hur-kan-jag-prioritera-i-projekt-moscow-metoden/]},
	urldate={2021-05-03}
}

@article{outlawddos,
	title = {U.K. outlaws denial-of-service attacks},
	month = {11},
	year = {2006},
	url = {https://www.cnet.com/news/u-k-outlaws-denial-of-service-attacks/}
}
